@manual{Anleitung,
  author = {TU Dortmund},
  title = {V64 Interferometrie},
  URL={http://129.217.224.2/HOMEPAGE/PHYSIKER/MASTER/SKRIPT/Interferometrie.pdf},
  year = 2018
}
