@manual{Anleitung,
  author = {TU Dortmund},
  title = {V61: Der HeNe-Laser},
  year = 2014,
  url = {'http://129.217.224.2/HOMEPAGE/PHYSIKER/MASTER/SKRIPT/V61.pdf.'}
}
@online{Neon,
title = {Neon},
urldate      = {2019-13-02},
url={'http://www.periodensystem.info/elemente/neon/.'}
}
