@manual{Anleitung,
  author = {TU Dortmund},
  title = {Dipolrelaxation in Ionenkristallen},
  URL={http://129.217.224.2/HOMEPAGE/PHYSIKER/MASTER/SKRIPT/V48.pdf},
  year = 2018
}
@article{paper,
	author = {Muccillo, R. and Rolfe, J.},
	title = {Effect of Irradiation on Impurityâ€“Vacancy Dipoles in KBr Crystals Doped with Strontium},
	journal = {physica status solidi (b)},
	volume = {61},
	number = {2},
	pages = {579-587},
	url = {https://onlinelibrary.wiley.com/doi/abs/10.1002/pssb.2220610223},
}

