@manual{Anleitung,
  author = {TU Dortmund},
  title = {Messung von Diffusionskonstanten mittels
gepulster Kernspinresonanz},
  urldate      = {2019-02-16},
  url ={http://129.217.224.2/HOMEPAGE/PHYSIKER/MASTER/SKRIPT/V49.pdf}
}
