@manual{Anleitung,
  author = {TU Dortmund},
  title = {V21 Optisches Pumpen},
  URL={http://129.217.224.2/HOMEPAGE/PHYSIKER/MASTER/SKRIPT/V21n_TeachSpin_new.pdf},
  year = 2018
}
@manual{Chem,
  author = {Chemgapedia},
  title = {Rubidium},
  URL={http://www.chemgapedia.de/vsengine/vlu/vsc/de/ch/11/aac/vorlesung/kap_3/vlu/elemente.vlu/Page/vsc/de/ch/11/aac/vorlesung/kap_3/pse/datenblaetter/element_rb.vscml.html},
  year = 2018
}
@manual{Mag,
  author = {GFZ},
  title = {Deklinationsrechner},
  URL={http://www-app1.gfz-potsdam.de/cgi-bin/igrf.pl},
  year = 2018
}
@manual{Peri,
  author = {Periodensystem},
  title = {Rubidium},
  URL={http://www.periodensystem.info/elemente/rubidium/},
  year = 2018
}
